

@inproceedings{rad2017big,
  title   = {The big data ecosystem and its environs},
  author  = {Rad, Babak Bashari and Ataei, Pouya},
  journal = {International Journal of Computer Science and Network Security (IJCSNS)},
  volume  = {17},
  number  = {3},
  pages   = {38},
  year    = {2017}
}

@article{ataei2022state,
  title     = {The state of big data reference architectures: a systematic literature review},
  author    = {Ataei, Pouya and Litchfield, Alan},
  journal   = {IEEE Access},
  year      = {2022},
  publisher = {IEEE}
}

@article{ataei2023application,
  title={Application of microservices patterns to big data systems},
  author={Ataei, Pouya and Staegemann, Daniel},
  journal={Journal of Big Data},
  volume={10},
  number={1},
  pages={1--49},
  year={2023},
  publisher={SpringerOpen}
}

@article{Rada2017,
title   = {The hype of emerging technologies: Big data as a service},
author  = {Rada, Babak Bashari and Ataeib, Pouya and Khakbizc, Yasaman and Akbarzadehd, Nafisseh},
journal = {Int. J. Control Theory Appl},
volume  = {9},
number  = {43},
pages   = {1--18},
year    = {2017}
}

@inproceedings{AtaeiACIS,
  author       = {Ataei, Pouya and Litchfield, Andrew},
  title        = {Big Data Reference Architectures: A Systematic Literature Review},
  booktitle    = {2020 31st Australasian Conference on Information Systems (ACIS)},
  pages        = {1--11},
  year         = {2020},
  organization = {IEEE},
  doi          = {10.5130/acis2020.bf}
}

@inproceedings{ataei2023towards,
  title={Towards a domain-driven distributed reference architecture for big data systems},
  author={Ataei, Pouya and Litchfield, Alan},
  booktitle={AMCIS 2023},
  year={2023}
}

@inproceedings{AtaeiApsec,
  author    = {P. Ataei and A. Litchfield},
  booktitle = {2021 28th Asia-Pacific Software Engineering Conference (APSEC)},
  title     = {NeoMycelia: A software reference architecturefor big data systems},
  year      = {2021},
  volume    = {},
  issn      = {},
  pages     = {452-462},
  keywords  = {q-factor;distributed databases;prototypes;computer architecture;big data;software systems;complexity theory},
  doi       = {10.1109/APSEC53868.2021.00052},
  url       = {https://doi.ieeecomputersociety.org/10.1109/APSEC53868.2021.00052},
  publisher = {IEEE Computer Society},
  address   = {Los Alamitos, CA, USA},
  month     = {dec}
}

@inproceedings{rad2017evaluating,
  title   = {Evaluating Major Issues Regarding Reliability Management for Cloud-based Applications},
  author  = {Rad, Babak Bashari and Ataei, Pouya},
  journal = {IJCSNS},
  volume  = {17},
  number  = {7},
  pages   = {168},
  year    = {2017}
}



@inproceedings{staegemann2024overview,
    author = {Staegemann, Daniel and Ataei, Pouya and Lautenschläger, Erik and Pohl, Matthias and Haertel, Christian and Daase, Christian and Volk, Matthias and Abdallah, Mohammad and Turowski, Klaus},
    title = {An Overview on Testing Big Data Applications},
    booktitle = {Proceedings of Ninth International Congress on Information and Communication Technology},
    year = {2024},
    publisher = {Springer},
    series = {Lecture Notes in Networks and Systems}
}

@article{AtaeiSecurity,
  author  = {Bashari Rad, B and Akbarzadeh, N and Ataei, P and Khakbiz, Y},
  title   = {Security and Privacy Challenges in Big Data Era},
  journal = {International Journal of Control Theory and Applications},
  volume  = {9},
  number  = {43},
  pages   = {437-448},
  year    = {2016},
  type    = {Journal Article}
}

@book{ataei2017nexus,
  title={The Nexus Methodology: A Trenchant Approach Toward Big Data},
  author={Ataei, Pouya},
  isbn={978-3659881398},
  url={https://www.amazon.com/Nexus-Methodology-Trenchant-Approach-Toward/dp/3659881392},
  year={2017},
  publisher={LAP LAMBERT Academic Publishing},
  language={English},
  pages={204},
  weight={12.3 ounces},
  dimensions={5.91 x 0.46 x 8.66 inches}
}


@article{ataei2024cybermycelium,
  title={Cybermycelium: a reference architecture for domain-driven distributed big data systems},
  author={Ataei, Pouya},
  journal={Frontiers in Big Data},
  volume={7},
  pages={1448481},
  year={2024},
  publisher={Frontiers Media SA}
}


@article{ataei2024filtering,
  title={Filtering Useful App Reviews Using Na{\"\i}ve Bayes—Which Na{\"\i}ve Bayes?},
  author={Ataei, Pouya and Regula, Sri and Staegemann, Daniel and Malgaonkar, Saurabh},
  journal={AI},
  volume={5},
  number={4},
  pages={2237--2259},
  year={2024},
  publisher={MDPI}
}
